@misc{GM01,
author={{MIDI Manufacturers Association}},
title={{MIDI Specifications}},
year={2005},
address={Los Angeles, Califoirnia},
note={URL: http://www.midi.org/about-midi/specshome.shtml}
}
%month=jun,
%date={17--20},

@book{GMDG98,
author={Paul D. Lehrman and Howard Massey},
title={{General MIDI System Level 1 Developer Guidelines}},
subtitle={{For Manufacturers and Composers.  Second Revision}},
publisher={MIDI Manufacturers Association},
year={1998},
month=jul,
address={Los Angeles, CA, USA},
note={URL: http://www.midi.org/about-midi/gm/gmguide2.pdf}
}

@book{S50,
author={Walter Supper},
title={{Die Orgeldisposition}},
publisher={Bärenreiter-Verlag},
year={1950},
address={Kassel und Basel},
pages={25}
}

@misc{A04,
author={{Access Music}},
title={{Virus TI Totally Integrated Synthesizer}},
year={2004},
publisher={Access Music Electronics GmbH},
address={Recklinghausen, Germany},
note={URL: http://www.access-music.de/events/11-2004/virusti\_basics.php4}
}

@misc{MH04,
author={Eric Miller and Jim Hendler},
title={{Web Ontology Language (OWL)}},
subtitle={{W3C Semantic Web Activity}},
year={2004},
month=feb,
date={10},
publisher={{World Wide Web Consortium (W3C)}},
address={Cambridge, MA, USA},
note={URL: http://www.w3.org/2004/OWL/}
}

@misc{MSB04,
author={Eric Miller and Ralph Swick and Dan Brickley},
title={{Resource Description Framework (RDF)}},
subtitle={{W3C Semantic Web Activity}},
year={2004},
month=feb,
date={10},
publisher={{World Wide Web Consortium (W3C)}},
address={Cambridge, MA, USA},
note={URL: http://www.w3.org/RDF/}
}

@misc{CMNR05,
author={Monica Crubézy and Mark Musen and Natasha Noy and Timothy Redmond et.al.},
title={{The Protégé Ontology Editor and Knowledge Acquisition System}},
year={2005},
month=aug,
date={10},
publisher={{Stanford University School of Medicine}},
address={Stanford, CA, USA},
note={URL: http://protege.stanford.edu/}
}

@misc{HP05,
title={{Jena Semantic Web Framework}},
author={{Hewlett-Packard Development Company, LP}},
year={2005},
month=oct,
date={12},
address={Palo Alto, CA, USA},
note={URL: http://jena.sourceforge.net/}
}

@article{KPAL05,
title={Integration of touch and sound in auditory cortex},
author={Christoph Kayser and Christopher I. Petkov and Mark Augath and Nikos K. Logothetis},
year={2005},
month=oct,
date=20,
journal={Neuron},
volume=48,
number=2,
pages={373--384},
publisher={Elsevier Science Publishers B.V. (North-Holland)},
address={Amsterdam, NL}
}

@misc{MBBBB05,
title={Prisma - Music},
author={Hans-Christof Maier and Franz Bachmann and Michael Bernhard and Geri Bollinger and Adrian Brown},
organisation={Berner Fachhochschule HTI Burgdorf},
address={Bern, Swiss},
year={2005},
note={URL: http://www.prisma-music.ch/}
}

@inproceedings{N05,
title={ZynAddSubFX -- an open source software synthesizer},
author={Paul O. Nasca},
booktitle={Proceedings of the 3rd International Linux Audio Conference (LAC2005)},
pages={131--135},
year=2005,
month=Apr,
date={21--24},
organization={Zentrum für Kunst und Medientechnologie (ZKM)},
address={Karlsruhe, Germany},
note={URL: http://lac.zkm.de/2005/papers/\\lac2005\_proceedings.pdf}
}

@misc{ALSA06,
author={{Jaroslav Kysela et al.}},
title={{Advanced Linux Sound Architecture -- ALSA}},
year=2006,
note={URL: http://www.alsa-project.org/}
}


@book{Ape62,
author={Willi Apel},
year={1962},
title={{Die Notation der polyphonen Musik 900-1600.}},
publisher={Breitkopf \& Härtel},
address={Wiesbaden},
isbn={3-7651-0180-X}
}

@book{NSK74,
author={Meinolf Neuhäuser and Hans Sabel and Richard Rudolf Klein},
year={1974},
title={{Bunte Zaubernoten.  Schulwerk für den ganzheitlichen Musikunterricht in der Grundschule.}},
publisher={Diesterweg},
address={Frankfurt am Main, Germany},
pages={131},
isbn={3-4250-3731-5}
}

@book{Weh70,
author={Rainer Wehinger},
title={Ligeti, Gyorgy: Articulation.  An aural score by Rainer Wehinger.},
publisher={B. Schott's Söhne},
year={1970},
series={Edition Schott, 6378},
address={Mainz, Germany}
}

@article{Wel54,
author={Albert Wellek},
title={Farbenhören},
volume={4},
pages={1804--1811},
year={1954},
journal={{MGG -- Musik in Geschichte und Gegenwart}},
address={Kassel, Germany},
editor={Friedrich Blume},
publisher={Bärenreiter}
}

@book{TT93,
author={Naoyuki Taneda and Ruth Taneda},
title={{Erziehung zum absoluten Gehör.  Ein neuer Weg am Klavier.}},
year={1993},
publisher={B. Schott's Söhne},
series={Edition Schott, 7894},
address={Mainz, Germany},
isbn={3-7957-0246-1}
}

@book{Wie02,
author={Henrik Wiese},
title={Preface to Concert for Horn and Orchestra No. 4, E flat major, K495},
pages={II--IV},
year={2002},
publisher={G. Henle Verlag},
series={Edition Henle, HN 704},
address={München, Germany},
note={URL: http://www.henle.de/katalog/Vorwort/0704.pdf}
}

% RAMEAU, Jean-Philippe. 1726. Nouveau système de musique
% theorique. Paris.

% RAMEAU, Jean-Philippe. 1760. Code de musique pratique. Paris.

@misc{Roe05,
title={wxWidgets},
author={Robert Roebling and Vadim Zeitlin and Stefan Csomor and Julian Smart and Vaclav Slavik and Robin Dunn},
year={2005},
note={URL: http://www.wxwidgets.org/}
}

@misc{Sta04,
title={{Stadtgeburtstag Karlsruhe}},
year={2004},
month=jun,
date={17--20},
address={Karlsruhe, Germany},
note={URL: http://www.stadtgeburtstag.de/}
}

@misc{NN05,
title={{LilyPond}, music notation for everyone},
author={Han-Wen Nienhuys and Jan Nieuwenhuizen},
year={2005},
note={URL: http://lilypond.org/}
}

@misc{Sto56,
title={{Studie II}},
author={Karl-Heinz Stockhausen},
year={1956},
publisher={Universal Edition},
address={Wien, Austria}
}

@article{Sim01,
title={Universal Edition History},
author={Nigel Simeone},
editor={Stanley Sadie},
year={2001},
booktitle={The New Grove Dictionary of Music and Musicians},
series={Grove's Dictionaries},
publisher={Macmillan},
address={London, UK}
}

@misc{Burr01,
title={Makesound},
author={Michael Burrell},
year={2001},
month=jun,
note={URL: ftp://mikpos.dyndns.org/pub/src/}
}

@misc{Suen04,
title={{EE/CS} 107b},
author={Jessie Suen},
year={2004},
note={URL: http://www.its.caltech.edu/\~{ }chia/EE107/}
}

@misc{Ekma03,
title={Coagula},
author={Rasmus Ekman},
year={2003},
note={URL: http://hem.passagen.se/rasmuse/Coagula.htm}
}

@book{Kiyo99,
title={Small fish: {Kammermusik mit Bildern für Computer und Spieler}},
author={Kiyoshi Furukawa and Masaki Fujihata and Wolfgang Münch},
publisher={Cantz},
year={1999},
isbn={3-7757-0846-4},
series={Digital arts edition},
volume={3},
note={56 S. : Ill. + CD-ROM},
address={Ostfildern, Germany}
}

@misc{ZKM05,
title={{Zentrum für Kunst und Medientechnologie}},
year={2005},
address={Karlsruhe, Germany},
note={URL: http://www.zkm.de/}
}
